@MastersThesis{Lima,
address  = {Grantham-Allee 20, 53757 St. Augustin, Germany},
annote  = {SS04/13 FH-BRS - RoboCup@Work Pl{\"o}ger, Kraetzschmar,
Awaad supervising},
author  = {Oscar Lima Carrion},
month = {April},
school  = {Bonn-Rhein-Sieg University of Applied Sciences},
title = {Task Planning, Execution and Monitoring for Mobile
Manipulators in Industrial Domains},
year = {2016}
}

@article{Awaad,
Author = {Awaad, Iman and Kraetzschmar, Gerhard K. and Hertzberg, Joachim},
Date-Added = {2015-03-31 07:50:11 +0000},
Date-Modified = {2015-10-02 09:16:37 +0000},
Doi = {10.1007/s12369-015-0281-3},
Journal = {International Journal of Social Robotics},
Month = {March},
Number = {4},
Pages = {421--438},
Timestamp = {2015.03.27},
Title = {The role of functional affordances in socializing robots},
Volume = {7},
Year = {2015},
Bdsk-Url-1 = {http://dx.doi.org/10.1007/s12369-015-0281-3}}
